<?xml version="1.0" encoding="UTF-8"?><collection xmlns="http://www.loc.gov/MARC21/slim"><record><leader>00335nam--2200133-i-4500</leader><controlfield tag="001">000044799</controlfield><controlfield tag="002">20161230</controlfield><controlfield tag="005">20161230201044</controlfield><controlfield tag="008">060222s1000------------r-----000-0-eng-d</controlfield><datafield ind1=" " ind2=" " tag="100"><subfield code="a">Thomson, George</subfield></datafield><datafield ind1=" " ind2=" " tag="245"><subfield code="a">The forseeable future</subfield></datafield><datafield ind1=" " ind2=" " tag="260"><subfield code="a">Cambridge, University Press, 1955, Cvii + 166p</subfield></datafield><datafield ind1=" " ind2=" " tag="490"><subfield code="a">Nobel Laureate</subfield></datafield><datafield ind1=" " ind2=" " tag="852"><subfield code="a">11769</subfield></datafield></record></collection>